<collection xmlns="http://www.loc.gov/MARC21/slim">
<record>
  <leader>01500nam0a2200289 i 450 </leader>
  <controlfield tag="001">IT\ICCU\CNCE\038642</controlfield>
  <controlfield tag="005">20030919000000.0</controlfield>
  <datafield tag="012" ind1=" " ind2=" ">
    <subfield code="a">code o.e. era. adse (3) 1541 (R)</subfield>
    <subfield code="2">fei</subfield>
  </datafield>
  <datafield tag="100" ind1=" " ind2=" ">
    <subfield code="a">19981031d1541        0itac0103    ba</subfield>
  </datafield>
  <datafield tag="101" ind1=" " ind2=" ">
    <subfield code="a">ITA</subfield>
  </datafield>
  <datafield tag="102" ind1=" " ind2=" ">
    <subfield code="a">IT</subfield>
  </datafield>
  <datafield tag="200" ind1="1" ind2=" ">
    <subfield code="a">℗Il ℗ragazzo. Comedia di m. Lodouico Dolce. Nuouamente impressa</subfield>
  </datafield>
  <datafield tag="210" ind1=" " ind2=" ">
    <subfield code="a">In Vinegia</subfield>
    <subfield code="d">1541</subfield>
    <subfield code="e">In Vinegia</subfield>
    <subfield code="g">per Francesco di Alessandro Bindoni &amp; Mapheo Pasini compagni</subfield>
    <subfield code="h">del mese di settembre 1541</subfield>
  </datafield>
  <datafield tag="215" ind1=" " ind2=" ">
    <subfield code="a">55, \1! c.</subfield>
    <subfield code="d">4ʻ</subfield>
  </datafield>
  <datafield tag="620" ind1=" " ind2=" ">
    <subfield code="a">IT</subfield>
    <subfield code="d">Venezia</subfield>
  </datafield>
  <datafield tag="700" ind1=" " ind2="1">
    <subfield code="a">Dolce,</subfield>
    <subfield code="b">Lodovico</subfield>
    <subfield code="3">IT\ICCU\CNCA\000014</subfield>
  </datafield>
  <datafield tag="712" ind1="0" ind2="0">
    <subfield code="a">Bindoni, Francesco &lt;1.&gt; &amp; Pasini, Maffeo</subfield>
    <subfield code="3">IT\ICCU\CNCT\000060</subfield>
    <subfield code="4">650</subfield>
  </datafield>
  <datafield tag="790" ind1=" " ind2="1">
    <subfield code="a">Dulcius,</subfield>
    <subfield code="b">Ludovicus</subfield>
    <subfield code="3">IT\ICCU\CNCA\018398</subfield>
    <subfield code="z">Dolce, Lodovico</subfield>
  </datafield>
  <datafield tag="790" ind1=" " ind2="1">
    <subfield code="a">Dolci,</subfield>
    <subfield code="b">Lodovico</subfield>
    <subfield code="3">IT\ICCU\CNCA\018400</subfield>
    <subfield code="z">Dolce, Lodovico</subfield>
  </datafield>
  <datafield tag="791" ind1="0" ind2="2">
    <subfield code="a">℗al segno dell&apos;℗Angelo Raffaele</subfield>
    <subfield code="c"> &lt;1531-1546&gt;</subfield>
    <subfield code="3">IT\ICCU\CNCT\002984</subfield>
    <subfield code="z">Bindoni, Francesco &lt;1.&gt; &amp; Pasini, Maffeo</subfield>
  </datafield>
  <datafield tag="801" ind1=" " ind2="3">
    <subfield code="a">IT</subfield>
    <subfield code="b">ICCU</subfield>
    <subfield code="c">20201114</subfield>
  </datafield>
  <datafield tag="899" ind1=" " ind2=" ">
    <subfield code="a">Biblioteca comunale. Castiglion Fiorentino</subfield>
    <subfield code="z">MUTILO</subfield>
    <subfield code="1">AR0023</subfield>
    <subfield code="2">RT1 QC</subfield>
  </datafield>
  <datafield tag="899" ind1=" " ind2=" ">
    <subfield code="a">Biblioteca comunale dell&apos;Archiginnasio. Bologna</subfield>
    <subfield code="1">BO0304</subfield>
    <subfield code="2">UBO GA</subfield>
  </datafield>
  <datafield tag="899" ind1=" " ind2=" ">
    <subfield code="a">Biblioteca Estense Universitaria. Modena</subfield>
    <subfield code="1">MO0089</subfield>
    <subfield code="2">MOD BE</subfield>
  </datafield>
  <datafield tag="899" ind1=" " ind2=" ">
    <subfield code="a">Biblioteca Casanatense. Roma</subfield>
    <subfield code="z">MUTILO</subfield>
    <subfield code="1">RM0313</subfield>
    <subfield code="2">RML 07</subfield>
  </datafield>
  <datafield tag="911" ind1=" " ind2=" ">
    <subfield code="a">Sul front.</subfield>
    <subfield code="9">IT\ICCU\CNCM\001139</subfield>
  </datafield>
  <datafield tag="921" ind1=" " ind2=" ">
    <subfield code="a">IT\ICCU\CNCM\001139</subfield>
    <subfield code="b">Arcangelo Raffaele e Tobiolo (angelo che tiene per mano un bambino con un pesce). A sinistra un cane</subfield>
    <subfield code="c">U166</subfield>
    <subfield code="d">Dimensioni: 4 x 3,5</subfield>
    <subfield code="f">ANGELO</subfield>
    <subfield code="f">BAMBINO</subfield>
    <subfield code="f">CANE</subfield>
    <subfield code="g">1541</subfield>
  </datafield>
</record>
</collection>
